<record><leader>00000cas a22000007a 4500</leader><controlfield tag="001">1537419</controlfield><controlfield tag="008">750812d19041939mnuwr ne      0    0eng d</controlfield><datafield ind1=" " ind2=" " tag="010"><subfield code="a">sn 90060872 </subfield></datafield><datafield ind1=" " ind2=" " tag="040"><subfield code="a">MUL</subfield><subfield code="b">eng</subfield><subfield code="c">MUL</subfield><subfield code="d">OCL</subfield><subfield code="d">MN#</subfield><subfield code="d">OCLCQ</subfield><subfield code="d">OCLCF</subfield><subfield code="d">OCLCO</subfield></datafield><datafield ind1=" " ind2=" " tag="042"><subfield code="a">msc</subfield></datafield><datafield ind1=" " ind2=" " tag="043"><subfield code="a">n-us-mn</subfield></datafield><datafield ind1=" " ind2=" " tag="052"><subfield code="a">4144</subfield><subfield code="b">L19</subfield></datafield><datafield ind1=" " ind2=" " tag="052"><subfield code="a">4143</subfield><subfield code="b">K5</subfield></datafield><datafield ind1="0" ind2="0" tag="245"><subfield code="a">Bronson budget.</subfield></datafield><datafield ind1="3" ind2="0" tag="246"><subfield code="a">Bronson budget and northwestern Minnesota news consolidated</subfield></datafield><datafield ind1=" " ind2=" " tag="260"><subfield code="a">Bronson, Kittson County, Minn. :</subfield><subfield code="b">Arthur E. Babcock,</subfield><subfield code="c">-Jan. 26, 1939.</subfield></datafield><datafield ind1=" " ind2=" " tag="300"><subfield code="a">v.</subfield></datafield><datafield ind1=" " ind2=" " tag="310"><subfield code="a">Weekly</subfield></datafield><datafield ind1="1" ind2=" " tag="362"><subfield code="a">Began in 1904.</subfield></datafield><datafield ind1="0" ind2=" " tag="362"><subfield code="a">-v. 37, no. 3 (Jan. 26, 1939).</subfield></datafield><datafield ind1=" " ind2=" " tag="500"><subfield code="a">Published as: Bronson budget and northwestern Minnesota news consolidated, Aug. 11, 1938-Jan. 26, 1939.</subfield></datafield><datafield ind1=" " ind2=" " tag="500"><subfield code="a">Published at Lake Bronson, Minn., Jan. 5, 1939-Jan. 26, 1939.</subfield></datafield><datafield ind1=" " ind2=" " tag="530"><subfield code="a">Available on microfilm from the Minnesota Historical Society.</subfield></datafield><datafield ind1=" " ind2=" " tag="588"><subfield code="a">Description based on: Vol. 1, no. 47 (Aug. 31, 1905).</subfield></datafield><datafield ind1=" " ind2="0" tag="651"><subfield code="a">Lake Bronson (Minn.)</subfield><subfield code="v">Newspapers.</subfield></datafield><datafield ind1=" " ind2="7" tag="655"><subfield code="a">Newspapers.</subfield><subfield code="2">fast</subfield><subfield code="0">(OCoLC)fst01423814</subfield></datafield><datafield ind1=" " ind2="7" tag="651"><subfield code="a">Minnesota</subfield><subfield code="z">Lake Bronson.</subfield><subfield code="2">fast</subfield><subfield code="0">(OCoLC)fst01254498</subfield></datafield><datafield ind1=" " ind2=" " tag="752"><subfield code="a">United States</subfield><subfield code="b">Minnesota</subfield><subfield code="c">Kittson</subfield><subfield code="d">Lake Bronson.</subfield></datafield><datafield ind1=" " ind2=" " tag="752"><subfield code="a">United States</subfield><subfield code="b">Minnesota</subfield><subfield code="c">Kittson</subfield><subfield code="d">Bronson.</subfield></datafield><datafield ind1="0" ind2="5" tag="780"><subfield code="t">Northwestern Minnesota news</subfield><subfield code="w">(DLC)sn 90060874</subfield></datafield><datafield ind1="0" ind2="0" tag="785"><subfield code="t">Lake Bronson budget</subfield><subfield code="w">(DLC)sn 90060873</subfield></datafield></record>